{
  "leader": "05287cam a2200529 a 4500",
  "fields": [
    {
      "001": "ocm33243619\\"
    },
    {
      "003": "OCoLC"
    },
    {
      "005": "20220629155332.0"
    },
    {
      "008": "950922s1996\\\\\\\\dcua\\\\\\\\\\b\\\\\\\\000\\0\\eng\\\\"
    },
    {
      "006": "m\\\\\\\\\\\\\\\\d\\\\\\\\\\\\\\\\"
    },
    {
      "010": {
        "ind1": "\\",
        "ind2": "\\",
        "subfields": [
          {
            "a": "   95039225 "
          }
        ]
      }
    },
    {
      "040": {
        "ind1": "\\",
        "ind2": "\\",
        "subfields": [
          {
            "a": "DLC"
          },
          {
            "b": "eng"
          },
          {
            "c": "DLC"
          },
          {
            "d": "PMC"
          },
          {
            "d": "BAKER"
          },
          {
            "d": "NLGGC"
          },
          {
            "d": "YDXCP"
          },
          {
            "d": "BTCTA"
          },
          {
            "d": "CN4X3"
          },
          {
            "d": "EDK"
          },
          {
            "d": "TULIB"
          },
          {
            "d": "OCLCO"
          },
          {
            "d": "OCLCF"
          },
          {
            "d": "OCLCQ"
          },
          {
            "d": "OCLCO"
          },
          {
            "d": "OCLCQ"
          },
          {
            "d": "I8M"
          },
          {
            "d": "KKX"
          },
          {
            "d": "OCLCQ"
          },
          {
            "d": "APUMS"
          },
          {
            "d": "OCLCQ"
          },
          {
            "d": "CCH"
          },
          {
            "d": "OCLCQ"
          },
          {
            "d": "AU@"
          },
          {
            "d": "OCLCQ"
          },
          {
            "d": "XFF"
          },
          {
            "d": "EUQ"
          },
          {
            "d": "OCLCQ"
          },
          {
            "d": "RCZ"
          },
          {
            "d": "CCS"
          },
          {
            "d": "OCLCQ"
          },
          {
            "d": "GRO"
          },
          {
            "d": "YKC"
          },
          {
            "d": "OCLCO"
          }
        ]
      }
    },
    {
      "016": {
        "ind1": "7",
        "ind2": "\\",
        "subfields": [
          {
            "a": "000011929456"
          },
          {
            "2": "AU"
          }
        ]
      }
    },
    {
      "019": {
        "ind1": "\\",
        "ind2": "\\",
        "subfields": [
          {
            "a": "317783947"
          },
          {
            "a": "1057961026"
          },
          {
            "a": "1061500163"
          },
          {
            "a": "1066830595"
          },
          {
            "a": "1079944865"
          },
          {
            "a": "1080857525"
          },
          {
            "a": "1081064568"
          },
          {
            "a": "1082452695"
          },
          {
            "a": "1086329034"
          },
          {
            "a": "1151801838"
          },
          {
            "a": "1151817096"
          },
          {
            "a": "1154384005"
          },
          {
            "a": "1154406699"
          },
          {
            "a": "1156780027"
          },
          {
            "a": "1158418546"
          },
          {
            "a": "1160958843"
          },
          {
            "a": "1165413892"
          },
          {
            "a": "1166516178"
          },
          {
            "a": "1166530678"
          },
          {
            "a": "1183968971"
          },
          {
            "a": "1195947197"
          },
          {
            "a": "1198549897"
          },
          {
            "a": "1200800505"
          },
          {
            "a": "1201605543"
          },
          {
            "a": "1201852501"
          },
          {
            "a": "1201864152"
          },
          {
            "a": "1201904829"
          },
          {
            "a": "1224867672"
          },
          {
            "a": "1230157693"
          },
          {
            "a": "1231490489"
          },
          {
            "a": "1236892651"
          },
          {
            "a": "1239739469"
          },
          {
            "a": "1251865919"
          },
          {
            "a": "1272380717"
          },
          {
            "a": "1273737953"
          },
          {
            "a": "1291413324"
          },
          {
            "a": "1295718122"
          },
          {
            "a": "1297065155"
          },
          {
            "a": "1298272119"
          }
        ]
      }
    },
    {
      "020": {
        "ind1": "\\",
        "ind2": "\\",
        "subfields": [
          {
            "a": "1559634219"
          },
          {
            "q": "(cloth ;"
          },
          {
            "q": "acid-free paper)"
          }
        ]
      }
    },
    {
      "020": {
        "ind1": "\\",
        "ind2": "\\",
        "subfields": [
          {
            "a": "9781559634212"
          },
          {
            "q": "(cloth ;"
          },
          {
            "q": "acid-free paper)"
          }
        ]
      }
    },
    {
      "020": {
        "ind1": "\\",
        "ind2": "\\",
        "subfields": [
          {
            "a": "1559634227"
          },
          {
            "q": "(pbk. ;"
          },
          {
            "q": "acid-free paper)"
          }
        ]
      }
    },
    {
      "020": {
        "ind1": "\\",
        "ind2": "\\",
        "subfields": [
          {
            "a": "9781559634229"
          },
          {
            "q": "(pbk. ;"
          },
          {
            "q": "acid-free paper)"
          }
        ]
      }
    },
    {
      "035": {
        "ind1": "\\",
        "ind2": "\\",
        "subfields": [
          {
            "a": "(OCoLC)33243619"
          },
          {
            "z": "(OCoLC)317783947"
          },
          {
            "z": "(OCoLC)1057961026"
          },
          {
            "z": "(OCoLC)1061500163"
          },
          {
            "z": "(OCoLC)1066830595"
          },
          {
            "z": "(OCoLC)1079944865"
          },
          {
            "z": "(OCoLC)1080857525"
          },
          {
            "z": "(OCoLC)1081064568"
          },
          {
            "z": "(OCoLC)1082452695"
          },
          {
            "z": "(OCoLC)1086329034"
          },
          {
            "z": "(OCoLC)1151801838"
          },
          {
            "z": "(OCoLC)1151817096"
          },
          {
            "z": "(OCoLC)1154384005"
          },
          {
            "z": "(OCoLC)1154406699"
          },
          {
            "z": "(OCoLC)1156780027"
          },
          {
            "z": "(OCoLC)1158418546"
          },
          {
            "z": "(OCoLC)1160958843"
          },
          {
            "z": "(OCoLC)1165413892"
          },
          {
            "z": "(OCoLC)1166516178"
          },
          {
            "z": "(OCoLC)1166530678"
          },
          {
            "z": "(OCoLC)1183968971"
          },
          {
            "z": "(OCoLC)1195947197"
          },
          {
            "z": "(OCoLC)1198549897"
          },
          {
            "z": "(OCoLC)1200800505"
          },
          {
            "z": "(OCoLC)1201605543"
          },
          {
            "z": "(OCoLC)1201852501"
          },
          {
            "z": "(OCoLC)1201864152"
          },
          {
            "z": "(OCoLC)1201904829"
          },
          {
            "z": "(OCoLC)1224867672"
          },
          {
            "z": "(OCoLC)1230157693"
          },
          {
            "z": "(OCoLC)1231490489"
          },
          {
            "z": "(OCoLC)1236892651"
          },
          {
            "z": "(OCoLC)1239739469"
          },
          {
            "z": "(OCoLC)1251865919"
          },
          {
            "z": "(OCoLC)1272380717"
          },
          {
            "z": "(OCoLC)1273737953"
          },
          {
            "z": "(OCoLC)1291413324"
          },
          {
            "z": "(OCoLC)1295718122"
          },
          {
            "z": "(OCoLC)1297065155"
          },
          {
            "z": "(OCoLC)1298272119"
          }
        ]
      }
    },
    {
      "043": {
        "ind1": "\\",
        "ind2": "\\",
        "subfields": [
          {
            "a": "n-us---"
          }
        ]
      }
    },
    {
      "050": {
        "ind1": "0",
        "ind2": "0",
        "subfields": [
          {
            "a": "LC1023"
          },
          {
            "b": ".G74 1996"
          }
        ]
      }
    },
    {
      "082": {
        "ind1": "0",
        "ind2": "0",
        "subfields": [
          {
            "a": "370.1120711"
          },
          {
            "b": "GRE"
          }
        ]
      }
    },
    {
      "245": {
        "ind1": "0",
        "ind2": "0",
        "subfields": [
          {
            "a": "Greening the college curriculum :"
          },
          {
            "b": "a guide to environmental teaching in the liberal arts : a project of the Rainforest Alliance /"
          },
          {
            "c": "edited by Jonathan Collett and Stephen Karakashian."
          }
        ]
      }
    },
    {
      "260": {
        "ind1": "\\",
        "ind2": "\\",
        "subfields": [
          {
            "a": "Washington, D.C. :"
          },
          {
            "b": "Island Press,"
          },
          {
            "c": "\u00a91996."
          }
        ]
      }
    },
    {
      "300": {
        "ind1": "\\",
        "ind2": "\\",
        "subfields": [
          {
            "a": "xiii, 328 pages :"
          },
          {
            "b": "illustrations ;"
          },
          {
            "c": "23 cm"
          }
        ]
      }
    },
    {
      "336": {
        "ind1": "\\",
        "ind2": "\\",
        "subfields": [
          {
            "a": "text"
          },
          {
            "b": "txt"
          },
          {
            "2": "rdacontent"
          }
        ]
      }
    },
    {
      "337": {
        "ind1": "\\",
        "ind2": "\\",
        "subfields": [
          {
            "a": "unmediated"
          },
          {
            "b": "n"
          },
          {
            "2": "rdamedia"
          }
        ]
      }
    },
    {
      "338": {
        "ind1": "\\",
        "ind2": "\\",
        "subfields": [
          {
            "a": "volume"
          },
          {
            "b": "nc"
          },
          {
            "2": "rdacarrier"
          }
        ]
      }
    },
    {
      "504": {
        "ind1": "\\",
        "ind2": "\\",
        "subfields": [
          {
            "a": "Includes bibliographical references."
          }
        ]
      }
    },
    {
      "505": {
        "ind1": "0",
        "ind2": "\\",
        "subfields": [
          {
            "a": "Forward by David Ehrenfeld -- Acknowledgments -- Introduction / Joathan Collett and Stephen Karakashian -- 1: Reinventing higher education / David W Orr -- 2: Anthropology / William Balee -- 3: Biology / David G Campbell and Vern Durkee -- 4: Economics / Gerald Alonzo Smith -- 5: Geography / Lisa Naughton-Treves and Emily Young -- 6: History / John Opie and Michael Black -- 7: Literature / Vernon Owen Grumbling -- 8: Media and journalism / Karl Grossman and Ann Filemyr -- 9: Philosophy / Holmes Rolston III -- 10: Political science / Michael E Kraft -- 11: Religion / Steven C Rockefeller -- 12: Reinventing the classroom : connected teaching / Jonathan Collett -- Contributors."
          }
        ]
      }
    },
    {
      "520": {
        "ind1": "\\",
        "ind2": "\\",
        "subfields": [
          {
            "a": "Product Description: Greening the College Curriculum provides the tools college and university faculty need to meet personal and institutional goals for integrating environmental issues into the curriculum. Leading educators from a wide range of fields, including anthropology, biology, economics, geography, history, literature, journalism, philosophy, political science, and religion, describe their experience introducing environmental issues into their teaching. The book provides: a rationale for including material on the environment in the teaching of the basic concepts of each discipline : guidelines for constructing a unit or a full course at the introductory level that makes use of environmental subjects :sample plans for upper-level courses : a compendium of annotated resources, both print and nonprint :Contributors to the volume include David Orr, David G. Campbell, Lisa Naughton, Emily Young, John Opie, Holmes Rolston III, Michael E. Kraft, Steven Rockefeller, and others."
          }
        ]
      }
    },
    {
      "650": {
        "ind1": "\\",
        "ind2": "0",
        "subfields": [
          {
            "a": "Education, Humanistic"
          },
          {
            "x": "Curricula"
          },
          {
            "z": "United States."
          }
        ]
      }
    },
    {
      "650": {
        "ind1": "\\",
        "ind2": "0",
        "subfields": [
          {
            "a": "Environmental education"
          },
          {
            "x": "Curricula"
          },
          {
            "z": "United States."
          }
        ]
      }
    },
    {
      "650": {
        "ind1": "\\",
        "ind2": "0",
        "subfields": [
          {
            "a": "Education, Higher"
          },
          {
            "x": "Curricula"
          },
          {
            "z": "United States."
          }
        ]
      }
    },
    {
      "650": {
        "ind1": "\\",
        "ind2": "7",
        "subfields": [
          {
            "a": "Education, Higher"
          },
          {
            "x": "Curricula."
          },
          {
            "2": "fast"
          },
          {
            "0": "(OCoLC)fst00903038"
          }
        ]
      }
    },
    {
      "650": {
        "ind1": "\\",
        "ind2": "7",
        "subfields": [
          {
            "a": "Education, Humanistic"
          },
          {
            "x": "Curricula."
          },
          {
            "2": "fast"
          },
          {
            "0": "(OCoLC)fst00903136"
          }
        ]
      }
    },
    {
      "650": {
        "ind1": "\\",
        "ind2": "7",
        "subfields": [
          {
            "a": "Environmental education"
          },
          {
            "x": "Curricula."
          },
          {
            "2": "fast"
          },
          {
            "0": "(OCoLC)fst00912909"
          }
        ]
      }
    },
    {
      "651": {
        "ind1": "\\",
        "ind2": "7",
        "subfields": [
          {
            "a": "United States."
          },
          {
            "2": "fast"
          },
          {
            "0": "(OCoLC)fst01204155"
          }
        ]
      }
    },
    {
      "700": {
        "ind1": "1",
        "ind2": "\\",
        "subfields": [
          {
            "a": "Collett, Jonathan."
          }
        ]
      }
    },
    {
      "700": {
        "ind1": "1",
        "ind2": "\\",
        "subfields": [
          {
            "a": "Karakashian, Stephen."
          }
        ]
      }
    },
    {
      "710": {
        "ind1": "2",
        "ind2": "\\",
        "subfields": [
          {
            "a": "Rainforest Alliance."
          }
        ]
      }
    },
    {
      "776": {
        "ind1": "0",
        "ind2": "8",
        "subfields": [
          {
            "i": "Online version:"
          },
          {
            "t": "Greening the college curriculum."
          },
          {
            "d": "Washington, D.C. : Island Press, \u00a91996"
          },
          {
            "w": "(OCoLC)595738708"
          }
        ]
      }
    },
    {
      "776": {
        "ind1": "0",
        "ind2": "8",
        "subfields": [
          {
            "i": "Online version:"
          },
          {
            "t": "Greening the college curriculum."
          },
          {
            "d": "Washington, D.C. : Island Press, \u00a91996"
          },
          {
            "w": "(OCoLC)604454284"
          }
        ]
      }
    },
    {
      "856": {
        "ind1": "4",
        "ind2": "2",
        "subfields": [
          {
            "3": "Publisher description"
          },
          {
            "u": "http://catdir.loc.gov/catdir/enhancements/fy0666/95039225-d.html"
          }
        ]
      }
    },
    {
      "994": {
        "ind1": "\\",
        "ind2": "\\",
        "subfields": [
          {
            "a": "Z0"
          },
          {
            "b": "NYRVC"
          }
        ]
      }
    },
    {
      "948": {
        "ind1": "\\",
        "ind2": "\\",
        "subfields": [
          {
            "h": "NO HOLDINGS IN NYRVC - 684 OTHER HOLDINGS"
          }
        ]
      }
    },
    {
      "999": {
        "ind1": "\\",
        "ind2": "\\",
        "subfields": [
          {
            "a": "00000000013177"
          }
        ]
      }
    }
  ]
}